@article{edn2015,
	author = "{Earth Day Network}",
	title = "Earth Day: The History of a Movement",
	year = "2015"
}

@article{nelson1980,
	author = "Gaylord Nelson",
	title = "Earth Day '70: What It Meant",
	year = "1980"
}

@article{history2009,
	author = "History.com",
	title = "Earth Day",
	year = "2009",
	publisher = "A+E Networks"
}

@article{latson2015,
	author = "Jennifer Latson",
	title = "How Earth Day Began: With Somber Reflection, and a Few Dump-Ins",
	year = "2015",
	publisher = "TIME"
}

@article{green2015,
	author = "Matthew Green",
	title = "When Rivers Caught Fire: A Brief History of Earth Day",
	year = "2015",
	publisher = "KQED News"
}
