@article{moraetal2013,
    author = "A. Mora and C. Ho and S. Saripalli",
    title = "Analysis of adaptive sampling techniques for underwater vehicles",
    journal = "Autonomous Robots",
    volume = "35",
    number = "2--3",
    pages = "111-122",
    year = "2013"
}
