@book{quinn2015,
    author = "Michael J. Quinn",
    title = "Ethics for the Information Age",
    publisher = "Pearson",
    year = "2015",
    edition = "6th"
}

@misc{osi2015,
    author = "{Open Source Initiative}",
    title = "Open Source Initiative",
    howpublished = "Website",
    year = "2015",
    url = "opensource.org"
}

@misc{fbi2015,
    author = "{Federal Bureau of Investigation}",
    title = "Economic Espionage: Protecting America's Trade Secrets",
    howpublished = "Website",
    year = "2015"
}

@article{pugatch2008,
    author = "Meir Pugatch and Helen Disney",
    title = "Some declarations just don't make sense â€“ on software and standards",
    journal = "The Stockholm Network IPR Journal",
    year = "2008",
    volume = "4",
    number = "4",
    pages = "2-3"
}

