@phdthesis{steenkiste1987,
 author = {Steenkiste, P. A.},
 title = {Lisp on a Reduced-instruction-set Processor: Characterization and Optimization},
 year = {1987},
 note = {UMI Order No. GAX87-20435},
 publisher = {Stanford University},
 address = {Stanford, CA, USA},
}

@inproceedings{walinsky1990,
 author = {Walinsky, Clifford and Banerjee, Deb},
 title = {A Functional Programming Language Compiler for Massively Parallel Computers},
 booktitle = {Proceedings of the 1990 ACM Conference on LISP and Functional Programming},
 series = {LFP '90},
 year = {1990},
 isbn = {0-89791-368-X},
 location = {Nice, France},
 pages = {131--138},
 numpages = {8},
 url = {http://doi.acm.org/10.1145/91556.91610},
 doi = {10.1145/91556.91610},
 acmid = {91610},
 publisher = {ACM},
 address = {New York, NY, USA},
}

@article{webber1995,
 author = {Webber, Adam},
 title = {Optimization of Functional Programs by Grammar Thinning},
 journal = {ACM Trans. Program. Lang. Syst.},
 issue_date = {March 1995},
 volume = {17},
 number = {2},
 month = mar,
 year = {1995},
 issn = {0164-0925},
 pages = {293--330},
 numpages = {38},
 url = {http://doi.acm.org/10.1145/201059.201067},
 doi = {10.1145/201059.201067},
 acmid = {201067},
 publisher = {ACM},
 address = {New York, NY, USA},
 keywords = {functional languages, graph grammars, optimization},
}
